@String(PAMI = {IEEE Trans. Pattern Anal. Mach. Intell.})
@String(IJCV = {Int. J. Comput. Vis.})
@String(CVPR= {IEEE Conf. Comput. Vis. Pattern Recog.})
@String(ICCV= {Int. Conf. Comput. Vis.})
@String(ECCV= {Eur. Conf. Comput. Vis.})
@String(NIPS= {Adv. Neural Inform. Process. Syst.})
@String(NeurIPS= {Adv. Neural Inform. Process. Syst.})
@String(ICPR = {Int. Conf. Pattern Recog.})
@String(BMVC= {Brit. Mach. Vis. Conf.})
@String(TOG= {ACM Trans. Graph.})
@String(TIP  = {IEEE Trans. Image Process.})
@String(TVCG  = {IEEE Trans. Vis. Comput. Graph.})
@String(TMM  = {IEEE Trans. Multimedia})
@String(ACMMM= {ACM Int. Conf. Multimedia})
@String(ICME = {Int. Conf. Multimedia and Expo})
@String(ICASSP=	{ICASSP})
@String(ICIP = {IEEE Int. Conf. Image Process.})
@String(ACCV  = {ACCV})
@String(ICLR = {Int. Conf. Learn. Represent.})
@String(IJCAI = {IJCAI})
@String(PR   = {Pattern Recognition})
@String(AAAI = {AAAI})
@String(CVPRW= {IEEE Conf. Comput. Vis. Pattern Recog. Worksh.})
@String(CSVT = {IEEE Trans. Circuit Syst. Video Technol.})

@String(SPL	= {IEEE Sign. Process. Letters})
@String(VR   = {Vis. Res.})
@String(JOV	 = {J. Vis.})
@String(TVC  = {The Vis. Comput.})
@String(JCST  = {J. Comput. Sci. Tech.})
@String(CGF  = {Comput. Graph. Forum})
@String(CVM = {Computational Visual Media})

@String(PAMI  = {IEEE TPAMI})
@String(IJCV  = {IJCV})
@String(CVPR  = {CVPR})
@String(ICCV  = {ICCV})
@String(ECCV  = {ECCV})
@String(NIPS  = {NeurIPS})
@String(NeurIPS  = {NeurIPS})
@String(ICPR  = {ICPR})
@String(BMVC  =	{BMVC})
@String(TOG   = {ACM TOG})
@String(TIP   = {IEEE TIP})
@String(TVCG  = {IEEE TVCG})
@String(TCSVT = {IEEE TCSVT})
@String(TMM   =	{IEEE TMM})
@String(ACMMM = {ACM MM})
@String(ICME  =	{ICME})
@String(ICASSP=	{ICASSP})
@String(ICIP  = {ICIP})
@String(ACCV  = {ACCV})
@String(ICLR  = {ICLR})
@String(IJCAI = {IJCAI})
@String(PR = {PR})
@String(AAAI = {AAAI})
@String(CVPRW= {CVPRW})
@String(CSVT = {IEEE TCSVT})

% Most recent article we found on im2latex. Uses CNN, GNN, and RNN
@article{Peng,
author = {Shuai Peng, Liangcai Gao, Ke Yuan & Zhi Tang},
title = {Image to LaTeX with Graph Neural Network for Mathematical Formula Recognition},
journal = {International Conference on Document Analysis and Recognition},
volume = 12822,
number = 1,
pages = {648–-663},
year = 2021
}

% Stanford project using CNN in encoder-decoder framework
@misc{Genthial,
 author = {Guillaume Genthial and Romain Sauvestre},
 title = {Image to Latex},
 year = 2016
}

% DenseNet CNN LSTM, C-S attention model
@article{Wang02,
author = {Jian Wang,Yunchuan Sun, Shenling Wang},
title = {Image To Latex with DenseNet Encoder and Joint Attention},
journal = {Procedia Computer Science},
volume = 147,
number = 1,
pages = {374--380},
year = 2019
}

% Research model improving on seq2seq using CNN, LSTM, and MLE
@article{Wang,
author = {Zelun Wang, Jyh-Charn Liu},
title = {Translating Math Formula Images to LaTeX Sequences Using Deep Neural Networks with Sequence-Level Training},
journal = {International Conference on Document Analysis and Recognition},
volume = 24,
number = 1,
pages = {63--75},
year = 2021
}

% Handwritten math symbols dataset
@misc{HandwrittenMath,
 author = {Xai Nano},
 title = {Handwritten math symbols dataset},
 year = 2016
}

% CROHME dataset
@misc{CROHME,
 author = {Harold Mouchère},
 title = {CROHME: Competition on Recognition of Online Handwritten Mathematical Expressions},
 year = 2014
}

% Gulaty's MediaPipe drawing application
@article{MPDrawing,
title = {Paint / Writing Application through WebCam using MediaPipe and OpenCV},
journal = {International Conference on Innovative practices in Technology and Management},
year = {2022},
doi = {https://doi.org/10.1109/ICIPTM54933.2022.9753939},
url = {https://ieeexplore.ieee.org/stamp/stamp.jsp?arnumber=9753939&casa_token=nxR5Cez0encAAAAA:H2KJBgGJOwYwA89kY8uDjn3QIbmQp1cMtfdzqSBIAQ_TfcwSUJ9NiXAJzKBNCQxYom5b7uZ48rA4&tag=1},
author = {Shaurya Gulati and Ashish Kumar Rastogi and Mayank Virmani and Rahul Jana and Raghav Pradha and Chetan Gupta},
keywords = {WebCam, MediaPipe, OpenCV},
}

% ShawdowHand
@article{SH,
title = {ShadowHands: High-Fidelity Remote Hand Gesture
Visualization using a Hand Tracker},
journal = {International Conference on Interactive Surfaces and Spaces},
year = {2016},
doi = {https://doi.org/10.1145/2992154.2992169},
url = {https://dl.acm.org/doi/abs/10.1145/2992154.2992169?casa_token=4NAWbaOpqCoAAAAA:-PZgeswvhmr1X4CgSz1yQp1Q1PO5BKxIs8_bGPK9VwFfgA8WoLUjdmBtOE_NsMd_T6whfzQpqRUpfzg},
author = {Erroll Wood and Jonathan Taylor and John Fogarty and Andrew Fitzgibbon and Jamie Shotton},
pages = {63--75},
keywords = {Remote Collaboration, Hand Gestures, Hand Tracking},
}

% TEO
@article{TEO,
title = {Hand Gestures and Visual Annotation in
Live 360 Panorama-based Mixed Reality Remote Collaboration },
journal = {International Conference on Computer-Human Interaction},
year = {2018},
doi = {https://doi.org/10.1145/3292147.3292200},
url = {https://dl.acm.org/doi/abs/10.1145/2992154.2992169?casa_token=4NAWbaOpqCoAAAAA:-PZgeswvhmr1X4CgSz1yQp1Q1PO5BKxIs8_bGPK9VwFfgA8WoLUjdmBtOE_NsMd_T6whfzQpqRUpfzg},
author = {Theophilus Teo and Gun A. Lee and mark Billinghurst and Matt Adcock},
pages = {406--410},
keywords = {Mixed Reality, Remote Collaboration, Gesture Communication},
}

% KIM
@article{KIM,
title = {Agile 3D Sketching with Air Scaffolding },
journal = {CHI conference on Human Factors in Computing Systems},
year = {2018},
doi = {https://dl.acm.org/doi/10.1145/3173574.3173812},
url = {https://dl.acm.org/doi/pdf/10.1145/3173574.3173812},
author = {Yongkwan Kim and Sang-Gyuu and Jonn Hyub Lee and Seok-Hyung Bae},
pages = {1--12},
keywords = {Hand motion; scaffolding; 3D sketching; product design},
}

% Chen
@article{CHEN,
title = {Egocentric-View Fingertip Detection for Air Writing Based on Convolutional Neural Networks },
journal = {8th Global Conference on Consumer Electronics},
year = {2021},
doi = {https://doi.org/10.3390/s21134382},
url = {https://www.mdpi.com/1424-8220/21/13/4382},
author = {Yung-Han Chen and Chi-Hsuan Huang and Sin-Wun Syu and Tien-Ying Kuo and Po-Chyi Su},
keywords = {air-writing; fingertip detection; region-based convolutional neural network; smart glasses
},
}

% MP
@misc{MP,
author = {Google AI},
title = {MediaPipe Hands},
note = {Overview and documentation page for MediaPipe Hands application},
year = 2014}

%NN Sabournin
@article{SABOURIN1992843,
title = {Optical character recognition by a neural network},
journal = {Neural Networks},
volume = {5},
number = {5},
pages = {843-852},
year = {1992},
issn = {0893-6080},
doi = {https://doi.org/10.1016/S0893-6080(05)80144-3},
url = {https://www.sciencedirect.com/science/article/pii/S0893608005801443},
author = {Michael Sabourin and Amar Mitiche},
keywords = {OCR, Multilayer perceptron, Learning parameters, Momentum, Hierarchical classifier},
}